@comment{x-kbibtex-personnameformatting=<%f ><%l><, %s>}

@book{tableman2003survival,
	author = {M. Tableman and J.S. Kim},
	publisher = {Taylor \& Francis},
	series = {{Chapman \& Hall/CRC Texts in Statistical Science}},
	title = {Survival Analysis Using S: Analysis of Time-to-Event Data},
	year = {2003}
}

@book{klein2003survival,
	author = {J.P. Klein and M.L. Moeschberger},
	publisher = {Springer},
	title = {Survival Analysis: Techniques for Censored and Truncated Data},
	year = {2003}
}

@book{Andersonetal1993,
	author = {Per Kragh Andersen and \/Ornuf Borgan and Richard D. Gill and Niels Keiding},
	location = {New York},
	publisher = {Springer-Verlag},
	title = {Statistical Models Based on Countin Processes},
	year = {1993}
}

